<record><leader>00000cas a2200000 a 4500</leader><controlfield tag="001">13001928</controlfield><controlfield tag="008">860110d18941895ksuwr ne      0    0eng d</controlfield><datafield ind1=" " ind2=" " tag="010"><subfield code="a">sn 85066966 </subfield></datafield><datafield ind1=" " ind2=" " tag="040"><subfield code="a">KSH</subfield><subfield code="b">eng</subfield><subfield code="c">KSH</subfield><subfield code="d">NPT</subfield><subfield code="d">OCL</subfield><subfield code="d">OCLCQ</subfield></datafield><datafield ind1=" " ind2=" " tag="042"><subfield code="a">msc</subfield></datafield><datafield ind1="0" ind2="4" tag="245"><subfield code="a">The Kansas citizen.</subfield></datafield><datafield ind1=" " ind2=" " tag="260"><subfield code="a">Argentine, Kan. :</subfield><subfield code="b">Couch &amp; Brooks,</subfield><subfield code="c">1894-1895.</subfield></datafield><datafield ind1=" " ind2=" " tag="300"><subfield code="a">1 v. ;</subfield><subfield code="c">50 cm.</subfield></datafield><datafield ind1=" " ind2=" " tag="310"><subfield code="a">Weekly</subfield></datafield><datafield ind1="0" ind2=" " tag="362"><subfield code="a">Vol. 1, no. 1 (Dec. 30, 1894)-v. 1, no. 13 (Mar. 30, 1895).</subfield></datafield><datafield ind1=" " ind2=" " tag="500"><subfield code="a">"People's party."</subfield></datafield><datafield ind1=" " ind2=" " tag="752"><subfield code="a">United States</subfield><subfield code="b">Kansas</subfield><subfield code="c">Wyandotte</subfield><subfield code="d">Argentine.</subfield></datafield><datafield ind1="0" ind2="7" tag="785"><subfield code="t">Labor record (Kansas City, Kan. : 1894)</subfield><subfield code="w">(DLC)sn 85032342</subfield></datafield><datafield ind1="0" ind2="7" tag="785"><subfield code="t">Kansas citizen and labor record</subfield><subfield code="w">(DLC)sn 85066722</subfield></datafield><datafield ind1="1" ind2=" " tag="029"><subfield code="a">AU@</subfield><subfield code="b">000022170497</subfield></datafield></record>